<record><leader>00000cas a22000007a 4500</leader><controlfield tag="001">17537339</controlfield><controlfield tag="008">880225d1883188uohuqr ne      0   a0eng d</controlfield><datafield ind1=" " ind2=" " tag="010"><subfield code="a">sn 91069148 </subfield></datafield><datafield ind1=" " ind2=" " tag="040"><subfield code="a">OBE</subfield><subfield code="b">eng</subfield><subfield code="c">OBE</subfield><subfield code="d">ONP</subfield><subfield code="d">OCLCQ</subfield></datafield><datafield ind1=" " ind2=" " tag="042"><subfield code="a">msc</subfield></datafield><datafield ind1=" " ind2=" " tag="092"><subfield code="a">070.1</subfield><subfield code="b">R259</subfield></datafield><datafield ind1="0" ind2="4" tag="245"><subfield code="a">The Reform club.</subfield></datafield><datafield ind1=" " ind2=" " tag="260"><subfield code="a">Oberlin, O. [Ohio] :</subfield><subfield code="b">Reform Club Co.,</subfield><subfield code="c">1883-</subfield></datafield><datafield ind1=" " ind2=" " tag="300"><subfield code="a">v.</subfield></datafield><datafield ind1=" " ind2=" " tag="310"><subfield code="a">Quarterly</subfield></datafield><datafield ind1="0" ind2=" " tag="362"><subfield code="a">Vol. 1, no. 1 (Feb. 1883)-</subfield></datafield><datafield ind1=" " ind2=" " tag="500"><subfield code="a">"Organ of Educational Society for Political Reform."</subfield></datafield><datafield ind1=" " ind2=" " tag="752"><subfield code="a">United States</subfield><subfield code="b">Ohio</subfield><subfield code="c">Lorain</subfield><subfield code="d">Oberlin.</subfield></datafield><datafield ind1="1" ind2=" " tag="029"><subfield code="a">AU@</subfield><subfield code="b">000025864930</subfield></datafield></record>